@unpublished{mc5g_a4_taskdesc,
	author	= "Gregor Dumphart",
	title	= "{Problem A4: Using MIMO on the Indoor Three-Path Channel}",
	year	= "2020",
	note	= "[Online (Restricted Access)]. Available: \url{https://www.nari.ee.ethz.ch/teaching/mctq/course_materials/exercises/MC5G-GrpExA4.pdf}",
}
