@ARTICLE{bib:interference,  
	author="J. Liu and Y. T. Hou and Y. Shi and H. D. Sherali and S. Kompella",  
	journal="IEEE Transactions on Wireless Communications",   
	title="On the capacity of multiuser MIMO networks with interference",   
	year="2008",  
	volume="7",  
	number="2",  
	pages="488-494"}
